<record><leader>00000cas a22000007a 4500</leader><controlfield tag="001">19564661</controlfield><controlfield tag="008">890418d18891924gauwr ne      0    0eng d</controlfield><datafield ind1=" " ind2=" " tag="010"><subfield code="a">sn 89053186 </subfield></datafield><datafield ind1=" " ind2=" " tag="040"><subfield code="a">NLG</subfield><subfield code="b">eng</subfield><subfield code="c">NLG</subfield><subfield code="d">GUA</subfield><subfield code="d">OCLCQ</subfield><subfield code="d">OCLCF</subfield><subfield code="d">OCLCO</subfield><subfield code="d">OCLCA</subfield></datafield><datafield ind1="1" ind2=" " tag="029"><subfield code="a">AU@</subfield><subfield code="b">000040517843</subfield></datafield><datafield ind1=" " ind2=" " tag="042"><subfield code="a">msc</subfield></datafield><datafield ind1=" " ind2=" " tag="043"><subfield code="a">n-us-ga</subfield></datafield><datafield ind1="0" ind2="4" tag="245"><subfield code="a">The Griffin weekly news and sun.</subfield></datafield><datafield ind1=" " ind2=" " tag="260"><subfield code="a">Griffin, Ga. :</subfield><subfield code="b">Douglas Glessner,</subfield><subfield code="c">1889-[1924]</subfield></datafield><datafield ind1=" " ind2=" " tag="300"><subfield code="a">v.</subfield></datafield><datafield ind1=" " ind2=" " tag="310"><subfield code="a">Weekly</subfield></datafield><datafield ind1="0" ind2=" " tag="362"><subfield code="a">Vol. 18, no. 17 (May 31, 1889)-</subfield></datafield><datafield ind1="1" ind2=" " tag="362"><subfield code="a">Ceased in 1924?</subfield></datafield><datafield ind1=" " ind2=" " tag="530"><subfield code="a">Also on microfilm: Athens, Ga. : University of Georgia Libraries.</subfield></datafield><datafield ind1=" " ind2=" " tag="580"><subfield code="a">Formed by the union of: Griffin weekly news (Griffin, Ga. : 1883), and: Griffin sun.</subfield></datafield><datafield ind1=" " ind2="0" tag="651"><subfield code="a">Griffin (Ga.)</subfield><subfield code="v">Newspapers.</subfield></datafield><datafield ind1=" " ind2="0" tag="651"><subfield code="a">Spalding County (Ga.)</subfield><subfield code="v">Newspapers.</subfield></datafield><datafield ind1=" " ind2="7" tag="655"><subfield code="a">Newspapers.</subfield><subfield code="2">fast</subfield><subfield code="0">(OCoLC)fst01423814</subfield></datafield><datafield ind1=" " ind2="7" tag="651"><subfield code="a">Georgia</subfield><subfield code="z">Griffin.</subfield><subfield code="2">fast</subfield><subfield code="0">(OCoLC)fst01217131</subfield></datafield><datafield ind1=" " ind2="7" tag="651"><subfield code="a">Georgia</subfield><subfield code="z">Spalding County.</subfield><subfield code="2">fast</subfield><subfield code="0">(OCoLC)fst01217181</subfield></datafield><datafield ind1=" " ind2=" " tag="752"><subfield code="a">United States</subfield><subfield code="b">Georgia</subfield><subfield code="c">Spalding</subfield><subfield code="d">Griffin.</subfield></datafield><datafield ind1="0" ind2=" " tag="775"><subfield code="t">Griffin daily news and sun</subfield><subfield code="w">(DLC)sn 89053183</subfield><subfield code="w">(OCoLC)19565025</subfield></datafield><datafield ind1="1" ind2="4" tag="780"><subfield code="t">Griffin weekly news (Griffin, Ga. : 1883)</subfield><subfield code="w">(DLC)sn 89053185</subfield><subfield code="w">(OCoLC)19564749</subfield></datafield><datafield ind1="1" ind2="4" tag="780"><subfield code="t">Griffin sun</subfield><subfield code="w">(DLC)sn 89053184</subfield><subfield code="w">(OCoLC)19564830</subfield></datafield><datafield ind1="0" ind2="0" tag="785"><subfield code="t">Griffin semi-weekly news</subfield><subfield code="w">(DLC)sn 89053187</subfield><subfield code="w">(OCoLC)19564616</subfield></datafield></record>